
@inproceedings{anlafid,
    author = {Antoni Buades and Bartomeu Coll and Jean-Michel Morel},
    title = {A non-local algorithm for image denoising},
    booktitle = {IN CVPR},
    year = {2005},
    pages = {60--65},
    publisher = {}
}

@article{nlmd,
    author={Antoni Buades, Bartomeu Coll, Jean-Michel Morel},
    title={Non-Local Means Denoising},
    journal={Image Processing On Line},
    year=2011,
}

@misc{dip20,
    author={Alan Saberi},
    title={Digital image processing: p020 - Non-Local means},
    howpublished="{https://www.youtube.com/watch?v=9tUns4HYtcw}",
    year={2013},
}

@misc{dip21,
    author={Alan Saberi},
    title={Digital image processing: p021 IPOL Demo - Non-Local means},
    howpublished="{https://www.youtube.com/watch?v=K29QpWil83g}",
    year={2013},
}

@misc{oidm,
    author={Antoni Buades},
    title={On image denoising methods},
    howpublished={http://www.123seminarsonly.com/Seminar-Reports/029/42184313-10-1-1-100-81.pdf},
}




@article{Buades_2005,
	doi = {10.1137/040616024},
	url = {https://doi.org/10.1137%2F040616024},
	year = 2005,
	month = {jan},
	publisher = {Society for Industrial {\&} Applied Mathematics ({SIAM})},
	volume = {4},
	number = {2},
	pages = {490--530},
	author = {A. Buades and B. Coll and J. M. Morel},
	title = {A Review of Image Denoising Algorithms, with a New One},
	journal = {Multiscale Modeling {\&} Simulation}
}



@inproceedings{Tasdizen_2008,
	doi = {10.1109/icip.2008.4712108},
	url = {https://doi.org/10.1109%2Ficip.2008.4712108},
	year = 2008,
	publisher = {{IEEE}},
	author = {Tolga Tasdizen},
	title = {Principal components for non-local means image denoising},
	booktitle = {2008 15th {IEEE} International Conference on Image Processing}
}
